@misc{turnbull2015monitoring,
  author       = {Turnbull, James},
  title        = {A Monitoring Maturity Model},
  howpublished = {\url{https://www.kartar.net/posts/a-monitoring-maturity-model.markdown/}},
  year         = {2015},
  month        = jan,
  note         = {Accessed: 2025-05-25}
}
