@misc{nansai2013dynamicanalysis,
  author       = {Nansai, S. and Rajesh Elara, M. and Iwase, M.},
  title        = {Dynamic Analysis and Modeling of Jansen Mechanism},
  url          = {https://www.sciencedirect.com/science/article/pii/S1877705813017529?via%3Dihub},
  year         = {2013}
}

@misc{hernandez2016homemade,
  author       = {Hernandez, J. and Gomez, G. and Crespo, C. and Barber, B.},
  title        = {A Home Made Robotic Platform Based on Theo Jansen Mechanism for Teaching Robotics},
  url          = {https://library.iated.org/view/HERNANDEZ2016AHO},
  year         = {2016}
}

@misc{jeremySCook,
  author       = {Cook, Jeremy S.},
  title        = {Remote Controlled Strandbeest},
  url          = {https://www.instructables.com/Remote-Controlled-Strandbeest/},
  year         = {2025}
}

@misc{jansen2016strandbeest,
  author       = {Jansen, Theo},
  title        = {Theo Jansen's Strandbeest: Leg System},
  url          = {https://commons.wikimedia.org/w/index.php?curid=50361566},
  note         = {Image by Mliu92, CC BY-SA 4.0, retrieved on 27 July 2016},
  year         = {2016}
}

@misc{arduinotech,
  author       = {Arduinotech},
  title        = {Arduinotech Basic Kit Uno R4 WiFi Starter SÃ¦t},
  url          = {https://arduinotech.dk/shop/basic-kit-uno-r4-wifi-starter-saet/},
  note         = {Arduino},
  year         = {2025}
}

@misc{dcmotor,
  author       = {Robotshop},
  title        = {Strait Type Reduce DC Motor 3V 3kgf.cm},
  url          = {https://eu.robotshop.com/products/strait-type-reduce-dc-motor-3v-3kgfcm?qd=932a2647c5bce1947505a738de1e62f8},
  note         = {DC Motor},
  year         = {2025}
}

@misc{breadboard,
  author       = {Robotshop},
  title        = {Breadboard Half Size Panel},
  url          = {https://eu.robotshop.com/products/breadboard-half-size-panel?qd=51f43bec43f79b07d68d1f6199443f28},
  note         = {Breadboard},
  year         = {2025}
}

@misc{beam,
  author       = {LEGO},
  title        = {Technic Beam},
  url          = {https://www.lego.com/da-dk/pick-and-build/pick-a-brick?system=TECHNIC&icmp=PAB_Technic&query=beam&selectedElement=6177114},
  note         = {LEGO Technic Part},
  year         = {2025}
}

@misc{axle,
  author       = {LEGO},
  title        = {Technic Axle},
  url          = {https://www.lego.com/da-dk/pick-and-build/pick-a-brick?system=TECHNIC&icmp=PAB_Technic&query=axle&selectedElement=370626},
  note         = {LEGO Technic Part},
  year         = {2025}
}
